<?xml version="1.0" encoding="UTF-8"?><collection xmlns="http://www.loc.gov/MARC21/slim"><record><leader>00464nam--2200169-i-4500</leader><controlfield tag="001">000047167</controlfield><controlfield tag="002">20161230</controlfield><controlfield tag="005">20170112232215</controlfield><controlfield tag="008">060222s1000------------r-----000-0-eng-d</controlfield><datafield ind1=" " ind2=" " tag="100"><subfield code="a">Weinberg, A. M</subfield></datafield><datafield ind1=" " ind2=" " tag="245"><subfield code="a">The physical theory of neutron chain reactors</subfield></datafield><datafield ind1=" " ind2=" " tag="260"><subfield code="a">Chicago</subfield><subfield code="b">The Univ. Of Chicago Press</subfield><subfield code="c">1958</subfield></datafield><datafield ind1=" " ind2=" " tag="300"><subfield code="a">XII+801 p</subfield></datafield><datafield ind1=" " ind2=" " tag="490"><subfield code="a">Atoms For Peace, Geneva 1958</subfield></datafield><datafield ind1=" " ind2=" " tag="700"><subfield code="a">Wigner, Eugene P</subfield></datafield><datafield ind1=" " ind2=" " tag="852"><subfield code="a">13827</subfield></datafield><datafield ind1=" " ind2=" " tag="CAT"><subfield code="a">SYS</subfield><subfield code="c">20170112</subfield><subfield code="h">232215</subfield></datafield></record></collection>